@article{oportunism,
    author  = "Michael Kraus and Bernhard Wolf",
    title   = "Emergence of self-organization in tumor-cells: Relevance for diagnosis and therapy",
    journal = "Tumor Biology",
    volume  = "14",
    pages   = "338-353",
    year    = "1993"
}

@article{dormann,
    author  = "Sabine Dormann and Andreas Deutsch",
    title   = "Modelling of self-organized avascular tumor growth with a hybrid cellular automaton",
    journal = "In Silico Biology",
    volume  = "3",
    pages   = "393-406",
    year    = "2002"
}

@article{anderson,
    author  = "A. Anderson and K. Rejniak",
    title   = "Microenvironment driven invasion: a multiscale multimodel investigation",
    journal = "Journal of Mathematical Biology",
    volume  = "58",
    pages   = "579-624",
    year    = "2009"
}

@article{rejniak,
    author  = "K. Rejniak and L. McCawley",
    title   = "Current trends in mathematical modelling of tumor-microenvironment interactions: a survey of tools and applications",
    journal = "Experimental Biology and Medicine",
    volume  = "235",
    pages   = "411-423",
    year    = "2010"
}

@article{ruben,
    author  = "Ruben Interian and Reinaldo Rodr\'iguez-Ramos and Fernando Vald\'es Ravelo and Ariel Ram\'irez Torres and Celso C. Ribeiro and Aura Conci",
    title   = "Tumor growth modelling by cellular automata",
    journal = "Mathematics and Mechanics of Complex Systems",
    volume  = "5",
    number  = "3-4",
    pages   = "239-259",
    year    = "2017"
}

@article{guinot,
    author  = "Vincent Guinot",
    title   = "Modelling using stochastic, finite state cellular automata: rule inference from continuum models",
    journal = "Applied Mathematical Modelling",
    volume  = "26",
    pages   = "701-714",
    year    = "2002"
}

@article{vascular,
    author  = "Cosmina S. Hogea and Bruce T. Murray and James A. Sethian",
    title   = "Simulating complex tumor dynamics from avascular to vascular growth using a general level-set method",
    journal = "Journal of Mathematical Biology",
    volume  = "53",
    pages   = "86-134",
    year    = "2006"
}

@article{prostaticdata,
    author  = "E. D. Yorke and Z. Fuks and L. Norton and W. Whitmore and C. C. Ling",
    title   = "Modelling the Development of Metastases from Primary and Locally Recurrent Tumors: Comparison with a Clinical Data Base for Prostatic Cancer",
    journal = "Cancer Research",
    volume  = "53",
    pages   = "2987-2993",
    year    = "1993"
}

@article{invasion,
    author  = "Tracey A. Martin and Lin Ye and Andrew J. Sanders and Jane Lane and Wen G. Jiang",
    title   = "Cancer Invasion and Metastasis: Molecular and Cellular Perspective",
    journal = "Landes Bioscience",
    year    = "2013"
}

@book{book,
    author    = "Andreas Deutsch and Philip K. Maini and Sabine Dormann",
    title     = "Cellular Automaton Modelling of Biological Pattern Formation: Characterization, Applications, and Analysis",
    publisher = "Birkhuser Boston",
    year      = "2007"
}

@article{complexnetworks,
    author  = "R. Albert and A. L\'aszl\'o Barab\'asi",
    title   = "Statistical mechanics of complex networks",
    journal = "Reviews of modern physics",
    volume  = "74",
    year    = "2002"
}

@article{fernando,
    author  = "Ariel Ram\'irez Torres and Fernando Vald\'es Ravelo and Reinaldo Rodr\'iguez Ramos and Juli\'an Bravo Castillero and Raul Guinovart D\'iaz and Federico J. Sabina",
    title   = "Modelling avascular tumor growth via linear elasticity",
    journal = "Proceedings of the 24th International Congress of Theoretical and Applied Mechanics",
    volume  = "ICTAM2016"
}

@article{fernando2,
    author  = "Fernando Vald\'es Ravelo and Ariel Ram\'irez-Torres and Reinaldo Rodr\'iguez-Ramos and Juli\'an Bravo-Castillero and Ra\'ul Guinovart-D\'iaz and Jos\'e Merodio and Raimondo Penta and Aura Conci and Federico J. Sabina and Catherine Garc\'ia-Reimbert",
    title   = "Mathematical modelling of the interplay between stress and anisotropic growth of avascular tumors",
    journal = "Journal of Mechanics in Medicine and Biology",
    volume  = "18",
    number  = "1",
    year    = "2018",
    note    = "DOI:10.1142/S0219519418500069"
}

@article{kansal,
    author  = "A. Kansal and Salvatore Torquato",
    title   = "Simulated brain tumor growth dynamics using a three-dimentional cellular automaton",
    journal = "Journal of Theoretical Biology",
    volume  = "203",
    pages   = "367-382",
    year    = "2000"
}

@article{kansal2,
    author  = "A. Kansal and Salvatore Torquato",
    title   = "Emergence of a subpopulation in a computational model of tumor growth",
    journal = "Journal of Theoretical Biology",
    volume  = "207",
    pages   = "431-441",
    year    = "2000"
}

@article{kansal3,
    author  = "Yang Jiao and Salvatore Torquato",
    title   = "Emergent Behaviors from a Cellular Automaton Model for Invasive Tumor Growth in Heterogeneous Microenvironments",
    journal = "Comput Biol",
    volume  = "7",
    number  = "12",
    year    = "2011",
    note    = "DOI:10.1371/journal.pcbi.1002314"
}

@article{pubmed,
    author  = "P. S. Steeg",
    title   = "Tumor metastasis: mechanistic insights and clinical challenges",
    journal = "Nat Med",
    volume  = "12",    
    pages   = "895-905",
    year    = "2006"
}

@book{cancerbook,
    author    = "Steven A. Frank",
    title     = "Dynamics of Cancer",
    publisher = "Princeton University Press",
    year      = "2007"
}

@article{migration,
    author = "Pahini Pandya and Jose L. Orgaz and Victoria Sanz-Moreno",
    title = "Modes of invasion during tumour dissemination",
    journal = "Molecular Oncology",
    volume = "11",
    pages = "5-27",
    year = "2016",
    note = "DOI:10.1002/1878-0261.12019"
}

@article{verhulst,
    author = "{Pierre F.} Verhulst",
    title = "Notice sur la loi que la population poursuit dans son accroissement",
    journal = "Correspondance math\'ematique et physique",
    volume = "10",
    pages = "113-121"
}

@article{bellomo,
    author = "Nicola Bellomo",
    title = "On the foundations of cancer modelling: selected topics, speculations, and perspectives",
    journal = "Mathematical Models and Methods in Applied Sciences",
    volume = "18",
    number = "4",
    pages = "593-646",
    year = "2008"
}

@phdthesis{ariel,
    author       = "Ariel Ram\'irez Torres", 
    title        = "Modelaci\'on del crecimiento de un tumor dentro del rango de la mec\'anica de medios continuos",
    school       = "Universidad de la Habana",
    year         = "2015"
}

@book{robins,
    author    = "Vinay Kumar and Abdul K. Abbas and Jon C. Aster",
    title     = "Robbins and Cotran Pathologic Basis of Disease",
    publisher = "Saunders Elsevier Inc.",
    year      = "2015"
}

@article{watts,
    author = "Duncan J. Watts and Steven H. Strogatz",
    title = "Collective dynamics of small-world networks",
    journal = "Nature",
    volume = "393",
    pages = "440-442",
    year = "1998"
}

@article{hanahan,
    author = "Douglas Hanahan and Robert Weinberg",
    title = "Hallmarks of cancer",
    journal = "Cell",
    volume = "100",
    pages = "57-70",
    year = "2000"
}

@book{stomach,
    author = "Dorothy A. Shead and Lacey Marlow and Susan Kidney and Laura J. Hanisch and Rachael Clark",
    title = "NCCN Guidelines for Patients: Stomach Cancer",
    publisher = "National Comprehensive Cancer Network",
    year = "2016"
}

@article{breast,
    author = "Olivia Jane Scully and Boon-Huat Bay and George Yip and Yingnan Yu",
    title = "Breast cancer metastasis",
    journal = "Cancer Genomics and Proteomics",
    volume = "9",
    pages = "311-320",
    year = "2012"
}

@article{liver,
    author = "Daniela Sia and Augusto Villanueva and Scott L. Friedman and Josep M. Llovet",
    title = "Liver Cancer Cell of Origin, Molecular Class, and Effects on Patient Prognosis",
    journal = "Gastroenterology",
    volume = "152",
    pages = "745-761",
    year = "2017"
}

@booklet{lung,
    title = "Squamous cell lung cancer",
    author = "LUNGevity patient education series",
    month = "February",
    year = "2016"
}

@article{gompertz,
    author = "Miljenko Maru\^si\'c",
    title = "Mathematical models of tumor growth",
    journal = "Mathematical Colloquium",
    pages = "175-192",
    year = "1996"
}

@inproceedings{ruanxiaoca,
	author		= "Huricha Ruanxiaogang",
	title		= "A simple cellular automaton model for tumor-immunity system",
	booktitle	= "Proceedings of the 2003 IEEE",
	year		= "2003"
}

@inproceedings{ruanxiaodiff,
	author		= "Huricha Ruanxiaogang",
	title		= "Differential equation and cellular automata model",
	booktitle	= "Proceedings of the 2003 IEEE",
	year		= "2003"
}

@article{perumpanani,
    author  = "A. J. Perumpanani and H. M. Byrne",
    title   = "Extracellular matrix concentration exerts selection pressure on invasive cells",
    journal = "Euro Journal Cancer",
    volume  = "35",
    pages   = "1274-1280",
    year    = "1999"
}

@article{perumpanani2,
    author  = "A. J. Perumpanani and J. A. Sherratt and J. Norbury and H. M. Byrne",
    title   = "A two parameter family of traveling waves with a single barrier arising from the modelling of extracellular matrix mediated cellular invasion",
    journal = "Physica D",
    volume  = "126",
    pages   = "145-159",
    year    = "1999"
}

@article{nutrients,
    author  = "J. A. Lawrence and P. S. Steeg",
    title   = "Mechanisms of tumor invasion and metastasis",
    journal = "World J Urol",
    volume  = "14",
    pages   = "124-130",
    year    = "1996"
}

@article{metastasis,
	author  = "M. Bacac and I. Stamenkovic",
    title   = "Metastatic cancer cell",
    journal = "Annu Rev Pathol",
    volume  = "3",
    pages   = "221-247",
    year    = "2008"
}

@article{paget,
	author  = "Stephen Paget",
    title   = "The distribution of secondary growths in cancer of the breast",
    journal = "The Lancet",
    volume  = "1",
    pages   = "571-573",
    year    = "1889"
}

@article{circulating,
	author  = "K. Pantel and M. Speicher",
    title   = "The biology of circulating tumor cells",
    journal = "Oncogene",
    volume  = "35",
    pages   = "1216",
    year    = "2016"
}

@article{chaplain,
	author  = "A. Anderson and M. Chaplain and E. Newman and R. Steele and A. Thompson",
    title   = "Mathematical modelling of tumour invasion and metastasis",
    journal = "Comput Math Methods Med",
    volume  = "2",
    pages   = "129-154",
    year    = "2000"
}

@article{preziosi,
	author  = "H. Byrne and L. Preziosi",
    title   = "Modelling solid tumour growth using the theory of mixtures",
    journal = "Math Med Biol",
    volume  = "20",
    number  = "4",
    pages   = "341-366",
    year    = "2003"
}

@article{preziosi2,
	author  = "L. Preziosi and G. Vitale",
    title   = "A multiphase model of tumor and tissue growth including cell adhesion and plastic reorganization",
    journal = "Math Models Methods Appl Sci",
    volume  = "21",
    number  = "9",
    pages   = "1901-1932",
    year    = "2011",
    note    = "DOI:10.1142/s0218202511005593"
}

@article{ariel2,
	author  = "A. Ram\'irez Torres and R. Rodr\'iguez Ramos and J. Merodio and R. Penta and J. Bravo Castillero and R. Guinovart D\'iaz and F. J. Sabina and C. Garc\'ia Reimbert and A. Conci",
    title   = "The influence of anisotropic growth and geometry on the stress of solid tumors",
    journal = "International Journal of Engineering Science",
    volume  = "119",
    pages   = "40-19",
    year    = "2017",
    note    = "DOI:10.1016/j.ijengsci.2017.06.011"
}

@article{ariel3,
	author  = "S. Di Stefano and A. Ram\'irez Torres and R. Penta and A. Grillo",
    title   = "Self-influenced growth through evolving material inhomogeneities",
    journal = "International Journal of Non-Linear Mechanics",
    year    = "2018",
    note    = "DOI:10.1016/j.ijnonlinmec.2018.08.003"
}

@book{vajtai,
    author  = "R. Vajtai",
    title   = "Springer handbook of nanomaterials",
    publisher = "Springer Science and Business Media",
    year      = "2013"
}

@article{hoshino,
	author  = "T. Hoshino and C. B. Wilson",
    title   = "Review of basic concepts of cell kinetics as applied to brain tumors",
    journal = "J. Neurosurg",
    volume  = "42",
    pages   = "123-131",
    year    = "1975"
}

@article{breastdata,
	author  = "D. v. Fournier and E. Weber and W. Hoeffken and M. Bauer and F. Kubli and V. Barth",
    title   = "Growth rate of 147 mammary carcinoma",
    journal = "Cancer",
    volume  = "8",
    pages   = "2198-2207",
    year    = "1980"
}

@article{wisconsin,
	author = "O. L. Mangasarian and W. H. Wolberg",
	title = "Cancer diagnosis via linear programming",
	journal = "SIAM News",
	volume = "23",
	pages = "1-18",
	year = "1990",
	number = "5"
}

@article{nakashima,
	author = "K. Nakashima and T. Uematsu and K. Takahashi",
	title = "Does breast cancer growth rate really depend on tumor subtype? Measurement of tumor doubling time using serial ultrasonography between diagnosis and surgery",
	journal = "Breast Cancer",
	year = "2018",
	note = "DOI:10.1007/s12282-018-0914-0"
}

@article{leekim,
	author = "SH. Lee and YS. Kim and W. Han",
	title = "Tumor growth rate of invasive breast cancers during wait times for surgery assessed by ultrasonography",
	journal = "Medicine(Baltimore)",
	volume = "95",
	year = "2016",
	number = "37",
	note = "DOI:10.1097/MD.0000000000004874"
}

@article{sopik,
	author = "V. Sopik and S. Narod",
	title = "The relationship between tumour size, nodal status and distant metastases: on the origins of breast cancer",
	journal = "Breast Cancer Research and Treatment",
	volume = "170",
	year = "2018",
	number = "3",
	pages = "647-656",
	note = "DOI:10.1007/s10549-018-4796-9"
}

@book{chile,
    author    = "Jos\'e Roberto Rivas Amaya and Humberto Alcides Urbina and Mario Vicente Serpas Montoya and Ena Concepci\'on Garc\'ia and Judith Z\'arate de L\'opez",
    title     = "Gu\'ia t\'ecnica de prevenci\'on y control del c\'ancer de mama",
    publisher = "Ministerio de Salud P\'ublica y Asistencia Social",
    year      = "2006"
}

@article{nurmenniemi,
	author = "S. Nurmenniemi and T. Sinikumpu and I. Alahuhta and S. Salo and M. Sutinen and M. Santala and J. Risteli and P. Nyberg and T. Salo",
	title = "A novel organotypic model mimics the tumor microenvironment",
	journal = "Am J Pathol",
	volume = "175",
	year = "2009",
	number = "3",
	pages = "1281-1291"
}

@article{luzzi,
	author = "KJ. Luzzi and IC. MacDonald and EE. Schmidt and N. Kerkvliet and VL. Morris and AF. Chambers and AC. Groom",
	title = "Multistep nature of metastatic inefficiency: dormancy of solitary cells after successful extravasation and limited survival of early micrometastases",
	journal = "Am J Pathol",
	volume = "153",
	year = "1998",
	number = "3",
	pages = "865-873"
}

@article{aceto,
	author = "N. Aceto and A. Bardia and DT. Miyamoto and MC. Donaldson and BS. Wittner and JA. Spencer and M. Yu and A. Pely and A. Engstrom and H. Zhu",
	title = "Circulating tumor cell clusters are oligoclonal precursors of breast cancer metastasis",
	journal = "Cell",
	volume = "158",
	year = "2014",
	number = "5",
	pages = "1110-1122"
}

@misc{kuhn,
      author = "Kuhn Laboratory",
      title = "Breast Cancer Progression Models",
      year = "2017",
      url = "http://kuhn.usc.edu/breast_cancer/"
      note = "\'ultimo acceso: 22-10-2017"
}

@misc{wisconsindata,
      author = "University of Wisconsin Hospitals",
      title = "Wisconsin Breast Cancer Database",
      year = "1991"
}

@book{bast,
    author    = "R. Bast and C. Croce and W. Hait",
    title     = "Holland-Frei Cancer Medicine",
    publisher = "Wiley Blackwell",
    year      = "2017"
}

@article{metastasisdata,
	author = "E. Colzani and A. L. V. Johansson and L. Liljegren and T. Foukakis and M. Clements and J. Adolfsson and P. Hall and K. Czene",
	title = "Time-dependent risk of developing distant metastasis in breast cancer patients according to treatment, age and tumour characteristics",
	journal = "British Journal of Cancer",
	volume = "110",
	year = "2014",
	number = "5",
	pages = "1378-1384",
	note = "DOI:10.1038/bjc.2014.5"
}

@article{saidel,
	author = "L. A. Liotta and G. Saidel and J. Kleinerman and T. Foukakis and M. Clements and J. Adolfsson and P. Hall and K. Czene",
	title = "The significance of hematogenous tumor cell clumps in the metastatic process",
	journal = "Cancer Res",
	volume = "110",
	year = "1976",
	number = "36",
	pages = "889-894"
}

@article{isogenic,
	author = "T. Paul and Jr. Winnard and C. Zhang and F. Vesunal and J. Woong Kang and J. Garryl and R. Rao Dasari and I. Barman and V. Raman",
	title = "Organ-specific isogenic metastatic breast cancer cell lines exhibit distinct Raman spectral signatures and metabolomes",
	journal = "Oncotarget",
	volume = "8",
	year = "2017",
	number = "12",
	pages = "20266-20287"
}

@inproceedings{helmlinger,
	author = "G. Helmlinger et al.",
	title = "The solid stress-induced growth inhibition of tumor spheroids is accompanied by an increased cellular density and reduced apoptotic rate",
	booktitle = "45th annual meeting of the radiation research society",
	year = "1997"
}

@article{angiogenesis,
	author = "A. St\'ephanou and A.C. Lesart and J. Deverchere and A. Juhem and A. Popov and F. Est\'eve",
	title = "How tumour-induced vascular changes alter angiogenesis: Insights from a computational model",
	journal = "Journal of Theoretical Biology",
	volume = "419",
	year = "2017",
	pages = "211-226"
}